@software{github,
  author     = {qianxin},
  title      = {Tree},
  url        = {https://github.com/Neteraxe/Tree},
  year       = {2021},
}

@article{10.1145/356635.356640,
	author = {Knuth, Donald E.},
	title = {Structured Programming with <i>Go to</i> Statements},
	year = {1974},
	issue_date = {Dec. 1974},
publisher = {Association for Computing Machinery},
address = {New York, NY, USA},
volume = {6},
number = {4},
issn = {0360-0300},
url = {https://doi.org/10.1145/356635.356640},
doi = {10.1145/356635.356640},
journal = {ACM Comput. Surv.},
month = dec,
pages = {261–301},
numpages = {41}
}

@misc{ enwiki:1005960330,
  author = "{Wikipedia contributors}",
  title = "Path graph --- {Wikipedia}{,} The Free Encyclopedia",
  year = "2021",
  url = "https://en.wikipedia.org/w/index.php?title=Path_graph&oldid=1005960330",
  note = "[Online; accessed 11-June-2021]"
}

@misc{ enwiki:1017966184,
    author = "{Wikipedia contributors}",
    title = "Tree (graph theory) --- {Wikipedia}{,} The Free Encyclopedia",
    year = "2021",
    url = "https://en.wikipedia.org/w/index.php?title=Tree_(graph_theory)&oldid=1017966184",
    note = "[Online; accessed 11-June-2021]"
  }

  @misc{ enwiki:1015276279,
    author = "{Wikipedia contributors}",
    title = "Pointer (computer programming) --- {Wikipedia}{,} The Free Encyclopedia",
    year = "2021",
    url = "https://en.wikipedia.org/w/index.php?title=Pointer_(computer_programming)&oldid=1015276279",
    note = "[Online; accessed 11-June-2021]"
  }


@misc{ enwiki:1025932291,
    author = "{Wikipedia contributors}",
    title = "Data structure --- {Wikipedia}{,} The Free Encyclopedia",
    year = "2021",
    url = "https://en.wikipedia.org/w/index.php?title=Data_structure&oldid=1025932291",
    note = "[Online; accessed 11-June-2021]"
  }


  @misc{ enwiki:1027048298,
    author = "{Wikipedia contributors}",
    title = "Binary search tree --- {Wikipedia}{,} The Free Encyclopedia",
    year = "2021",
    url = "https://en.wikipedia.org/w/index.php?title=Binary_search_tree&oldid=1027048298",
    note = "[Online; accessed 12-June-2021]"
  }

  @misc{ enwiki:1002026252,
    author = "{Wikipedia contributors}",
    title = "Self-balancing binary search tree --- {Wikipedia}{,} The Free Encyclopedia",
    year = "2021",
    url = "https://en.wikipedia.org/w/index.php?title=Self-balancing_binary_search_tree&oldid=1002026252",
    note = "[Online; accessed 12-June-2021]"
  }


  @misc{ enwiki:1026867024,
    author = "{Wikipedia contributors}",
    title = "AVL tree --- {Wikipedia}{,} The Free Encyclopedia",
    year = "2021",
    url = "https://en.wikipedia.org/w/index.php?title=AVL_tree&oldid=1026867024",
    note = "[Online; accessed 12-June-2021]"
  }


  @misc{ enwiki:1025948397,
    author = "{Wikipedia contributors}",
    title = "Threaded binary tree --- {Wikipedia}{,} The Free Encyclopedia",
    year = "2021",
    howpublished = "\url{https://en.wikipedia.org/w/index.php?title=Threaded_binary_tree&oldid=1025948397}",
    note = "[Online; accessed 15-June-2021]"
  }

  @misc{ enwiki:1024896978,
    author = "{Wikipedia contributors}",
    title = "B-tree --- {Wikipedia}{,} The Free Encyclopedia",
    year = "2021",
    howpublished = "\url{https://en.wikipedia.org/w/index.php?title=B-tree&oldid=1024896978}",
    note = "[Online; accessed 15-June-2021]"
  }

  @misc{ enwiki:1027325967,
    author = "{Wikipedia contributors}",
    title = "Random forest --- {Wikipedia}{,} The Free Encyclopedia",
    year = "2021",
    url = "https://en.wikipedia.org/w/index.php?title=Random_forest&oldid=1027325967",
    note = "[Online; accessed 16-June-2021]"
  }

  @misc{ enwiki:1027552736,
    author = "{Wikipedia contributors}",
    title = "Decision tree learning --- {Wikipedia}{,} The Free Encyclopedia",
    year = "2021",
    url = "https://en.wikipedia.org/w/index.php?title=Decision_tree_learning&oldid=1027552736",
    note = "[Online; accessed 16-June-2021]"
  }

  @misc{ enwiki:1027677404,
    author = "{Wikipedia contributors}",
    title = "Red–black tree --- {Wikipedia}{,} The Free Encyclopedia",
    year = "2021",
    url = "https://en.wikipedia.org/w/index.php?title=Red%E2%80%93black_tree&oldid=1027677404",
    note = "[Online; accessed 17-June-2021]"
  }